@article{golombok2014adoptive,
  title={Adoptive gay father families: Parent--child relationships and children's psychological adjustment},
  author={Golombok, Susan and Mellish, Laura and Jennings, Sarah and Casey, Polly and Tasker, Fiona and Lamb, Michael E},
  journal={Child Development},
  volume={85},
  number={2},
  pages={456--468},
  year={2014},
  publisher={Wiley Online Library}
}



@article{goldberg2013lesbian,
  title={Lesbian, gay, and heterosexual adoptive parents’ perceptions of parental bonding during early parenthood.},
  author={Goldberg, Abbie E and Moyer, April M and Kinkler, Lori A},
  journal={Couple and Family Psychology: Research and Practice},
  volume={2},
  number={2},
  pages={146},
  year={2013},
  publisher={Educational Publishing Foundation}
}


@incollection{brodzinsky2014children,
  title={Children’s knowledge of adoption: Developmental changes and implications for adjustment},
  author={Brodzinsky, David M and Schechter, Dianne and Brodzinsky, Anne Braff},
  booktitle={Thinking about the Family},
  pages={225--252},
  year={2014},
  publisher={Psychology Press}
}

@book{cummings1994children,
  title={Children and marital conflict: The impact of family dispute and resolution.},
  author={Cummings, E Mark and Davies, Patrick},
  year={1994},
  publisher={Guilford Press}
}

@article{gao2019understanding,
  title={Understanding parent--child relationship as a developmental process: Fluctuations across days and changes over years.},
  author={Gao, Mengyu Miranda and Cummings, E Mark},
  journal={Developmental psychology},
  year={2019},
  publisher={American Psychological Association}
}

@article{laurent2008prospective,
  title={Prospective effects of interparental conflict on child attachment security and the moderating role of parents' romantic attachment.},
  author={Laurent, Heidemarie K and Kim, Hyoun K and Capaldi, Deborah M},
  journal={Journal of Family Psychology},
  volume={22},
  number={3},
  pages={377},
  year={2008},
  publisher={American Psychological Association}
}

@article{whisman2012intimate,
  title={Intimate relationships and psychopathology},
  author={Whisman, Mark A and Baucom, Donald H},
  journal={Clinical child and family psychology review},
  volume={15},
  number={1},
  pages={4--13},
  year={2012},
  publisher={Springer}
}

@article{van2005dynamic,
  title={A dynamic systems approach to family assessment},
  author={Van Geert, Paul LC and Lichtwarck-Aschoff, Anna},
  journal={European Journal of Psychological Assessment},
  volume={21},
  number={4},
  pages={240--248},
  year={2005},
  publisher={Hogrefe \& Huber Publishers}
}

@article{van2006emanuel,
  title={The Emanuel Miller Memorial Lecture 2006: Adoption as intervention. Meta-analytic evidence for massive catch-up and plasticity in physical, socio-emotional, and cognitive development},
  author={Van IJzendoorn, Marinus H and Juffer, Femmie},
  journal={Journal of child psychology and psychiatry},
  volume={47},
  number={12},
  pages={1228--1245},
  year={2006},
  publisher={Wiley Online Library}
}

@article{levy1991transition,
  title={Transition to parenthood in adoptive families.},
  author={Levy-Shiff, Rachel and Goldshmidt, Ilana and Har-Even, Dov},
  journal={Developmental psychology},
  volume={27},
  number={1},
  pages={131},
  year={1991},
  publisher={American Psychological Association}
}
@article{singer1985mother,
  title={Mother-infant attachment in adoptive families},
  author={Singer, Leslie M and Brodzinsky, David M and Ramsay, Douglas and Steir, Mary and Waters, Everett},
  journal={Child development},
  pages={1543--1551},
  year={1985},
  publisher={JSTOR}
}

@article{klausli2011exploring,
  title={Exploring actor and partner effects in associations between marriage and parenting for mothers and fathers},
  author={Klausli, Julia F and Tresch Owen, Margaret},
  journal={Parenting},
  volume={11},
  number={4},
  pages={264--279},
  year={2011},
  publisher={Taylor \& Francis}
}
@article{study3,
title={The longitudinal link between parenting and child aggression: The moderating effect of attachment security},
author={Cyr, Maeve and Pasalich, Dave S and McMahon, Robert J and Spieker, Susan J},
journal={Child Psychiatry \& Human Development},
volume={45},
number={5},
pages={555--564},
year={2014},
 publisher={Springer}
}

@article{goldberg2009perceived,
title={Perceived parenting skill across the transition to adoptive parenthood among lesbian, gay, and heterosexual couples.},
author={Goldberg, Abbie E and Smith, JuliAnna Z},
journal={Journal of Family Psychology},
volume={23},
number={6},
pages={861},
year={2009},
publisher={American Psychological Association}
}
@article{stevenson2011maternal,
  title={Maternal anxiety, behavioral inhibition, and attachment},
  author={Stevenson-Hinde, Joan and Shouldice, Anne and Chicot, Rebecca},
  journal={Attachment \& human development},
  volume={13},
  number={3},
  pages={199--215},
  year={2011},
  publisher={Taylor \& Francis}
}

@article{stevenson2007anxiety,
  title={Anxiety within families: Interrelations, consistency, and change},
  author={Stevenson-Hinde, Joan and Curley, James Patrick and Chicot, Rebecca and J{\'o}hannsson, Cessie},
  journal={Family process},
  volume={46},
  number={4},
  pages={543--556},
  year={2007},
  publisher={Wiley Online Library}
}

@article{santona2015maternal,
  title={Maternal depression and attachment: the evaluation of mother--child interactions during feeding practice},
  author={Santona, Alessandra and Tagini, Angela and Sarracino, Diego and De Carli, Pietro and Pace, Cecilia S and Parolin, Laura and Terrone, Grazia},
  journal={Frontiers in psychology},
  volume={6},
  pages={1235},
  year={2015},
  publisher={Frontiers}
}

@article{umberson2006you,
  title={You make me sick: Marital quality and health over the life course},
  author={Umberson, Debra and Williams, Kristi and Powers, Daniel A and Liu, Hui and Needham, Belinda},
  journal={Journal of health and social behavior},
  volume={47},
  number={1},
  pages={1--16},
  year={2006},
  publisher={Sage Publications Sage CA: Los Angeles, CA}
}

@article{kerig1993marital,
  title={Marital quality and gender differences in parent-child interaction.},
  author={Kerig, Patricia K and Cowan, Philip A and Cowan, Carolyn P},
  journal={Developmental Psychology},
  volume={29},
  number={6},
  pages={931},
  year={1993},
  publisher={American Psychological Association}
}

@article{amato1996prospective,
  title={A prospective study of divorce and parent-child relationships},
  author={Amato, Paul R and Booth, Alan},
  journal={Journal of Marriage and the Family},
  pages={356--365},
  year={1996},
  publisher={JSTOR}
}


@article{fergusson2005show,
  title={Show me the child at seven: the consequences of conduct problems in childhood for psychosocial functioning in adulthood},
  author={Fergusson, David M and John Horwood, L and Ridder, Elizabeth M},
  journal={Journal of child psychology and psychiatry},
  volume={46},
  number={8},
  pages={837--849},
  year={2005},
  publisher={Wiley Online Library}
}

@article{reef2011developmental,
  title={Developmental trajectories of child to adolescent externalizing behavior and adult DSM-IV disorder: results of a 24-year longitudinal study},
  author={Reef, Joni and Diamantopoulou, Sofia and van Meurs, Inge and Verhulst, Frank C and van der Ende, Jan},
  journal={Social psychiatry and psychiatric epidemiology},
  volume={46},
  number={12},
  pages={1233--1241},
  year={2011},
  publisher={Springer}
}

@article{gao2019understanding,
  title={Understanding parent--child relationship as a developmental process: Fluctuations across days and changes over years.},
  author={Gao, Mengyu Miranda and Cummings, E Mark},
  journal={Developmental psychology},
  year={2019},
  publisher={American Psychological Association}
}

@article{dickstein2009maternal,
  title={Maternal adult attachment representations across relationship domains and infant outcomes: The importance of family and couple functioning},
  author={Dickstein, Susan and Seifer, Ronald and Albus, Kathleen E},
  journal={Attachment \& Human Development},
  volume={11},
  number={1},
  pages={5--27},
  year={2009},
  publisher={Taylor \& Francis}
  }
  
  @Manual{R-base,
  title = {R: A Language and Environment for Statistical Computing},
  author = {{R Core Team}},
  organization = {R Foundation for Statistical Computing},
  address = {Vienna, Austria},
  year = {2019},
  url = {https://www.R-project.org/},
}
@Manual{R-dplyr,
  title = {dplyr: A Grammar of Data Manipulation},
  author = {Hadley Wickham and Romain François and Lionel Henry and Kirill Müller},
  year = {2019},
  note = {R package version 0.8.3},
  url = {https://CRAN.R-project.org/package=dplyr},
}
@Manual{R-forcats,
  title = {forcats: Tools for Working with Categorical Variables (Factors)},
  author = {Hadley Wickham},
  year = {2019},
  note = {R package version 0.4.0},
  url = {https://CRAN.R-project.org/package=forcats},
}
@Book{R-ggplot2,
  author = {Hadley Wickham},
  title = {ggplot2: Elegant Graphics for Data Analysis},
  publisher = {Springer-Verlag New York},
  year = {2016},
  isbn = {978-3-319-24277-4},
  url = {https://ggplot2.tidyverse.org},
}
@Manual{R-papaja,
  author = {Frederik Aust and Marius Barth},
  title = {{papaja}: {Create} {APA} manuscripts with {R Markdown}},
  year = {2018},
  note = {R package version 0.1.0.9842},
  url = {https://github.com/crsh/papaja},
}
@Manual{R-purrr,
  title = {purrr: Functional Programming Tools},
  author = {Lionel Henry and Hadley Wickham},
  year = {2019},
  note = {R package version 0.3.3},
  url = {https://CRAN.R-project.org/package=purrr},
}
@Manual{R-readr,
  title = {readr: Read Rectangular Text Data},
  author = {Hadley Wickham and Jim Hester and Romain Francois},
  year = {2018},
  note = {R package version 1.3.1},
  url = {https://CRAN.R-project.org/package=readr},
}
@Manual{R-stringr,
  title = {stringr: Simple, Consistent Wrappers for Common String Operations},
  author = {Hadley Wickham},
  year = {2019},
  note = {R package version 1.4.0},
  url = {https://CRAN.R-project.org/package=stringr},
}
@Manual{R-tibble,
  title = {tibble: Simple Data Frames},
  author = {Kirill Müller and Hadley Wickham},
  year = {2019},
  note = {R package version 2.1.3},
  url = {https://CRAN.R-project.org/package=tibble},
}
@Manual{R-tidyr,
  title = {tidyr: Tidy Messy Data},
  author = {Hadley Wickham and Lionel Henry},
  year = {2019},
  note = {R package version 1.0.0},
  url = {https://CRAN.R-project.org/package=tidyr},
}
@Manual{R-tidyverse,
  title = {tidyverse: Easily Install and Load the 'Tidyverse'},
  author = {Hadley Wickham},
  year = {2017},
  note = {R package version 1.2.1},
  url = {https://CRAN.R-project.org/package=tidyverse},
}
