@Manual{R-base,
  title = {R: A Language and Environment for Statistical Computing},
  author = {{R Core Team}},
  organization = {R Foundation for Statistical Computing},
  address = {Vienna, Austria},
  year = {2019},
  url = {https://www.R-project.org/},
}
@Manual{R-papaja,
  author = {Frederik Aust and Marius Barth},
  title = {{papaja}: {Create} {APA} manuscripts with {R Markdown}},
  year = {2018},
  note = {R package version 0.1.0.9842},
  url = {https://github.com/crsh/papaja},
}
@Manual{R-png,
  title = {png: Read and write PNG images},
  author = {Simon Urbanek},
  year = {2013},
  note = {R package version 0.1-7},
  url = {https://CRAN.R-project.org/package=png},
}

@article{monte,
  title={RMediation: An R package for mediation analysis confidence intervals},
  author={Tofighi, Davood and MacKinnon, David P},
  journal={Behavior research methods},
  volume={43},
  number={3},
  pages={692--700},
  year={2011},
  publisher={Springer}
}
@Manual{R-dplyr,
  title = {dplyr: A Grammar of Data Manipulation},
  author = {Hadley Wickham and Romain François and Lionel Henry and Kirill Müller},
  year = {2019},
  note = {R package version 0.8.3},
  url = {https://CRAN.R-project.org/package=dplyr},
}
@Manual{R-dyadr,
  title = {dyadr: dyadr: Dyadic Data Analysis},
  author = {Randi Garcia and David Kenny},
  year = {2019},
  note = {R package version 0.0.0.9000},
}
@Manual{R-feather,
  title = {feather: R Bindings to the Feather 'API'},
  author = {Hadley Wickham},
  year = {2019},
  note = {R package version 0.3.5},
  url = {https://CRAN.R-project.org/package=feather},
}
@Manual{R-forcats,
  title = {forcats: Tools for Working with Categorical Variables (Factors)},
  author = {Hadley Wickham},
  year = {2019},
  note = {R package version 0.4.0},
  url = {https://CRAN.R-project.org/package=forcats},
}
@Manual{R-ggformula,
  title = {ggformula: Formula Interface to the Grammar of Graphics},
  author = {Daniel Kaplan and Randall Pruim},
  year = {2019},
  note = {R package version 0.9.2},
  url = {https://CRAN.R-project.org/package=ggformula},
}
@Book{R-ggplot2,
  author = {Hadley Wickham},
  title = {ggplot2: Elegant Graphics for Data Analysis},
  publisher = {Springer-Verlag New York},
  year = {2016},
  isbn = {978-3-319-24277-4},
  url = {https://ggplot2.tidyverse.org},
}
@Manual{R-ggstance,
  title = {ggstance: Horizontal 'ggplot2' Components},
  author = {Lionel Henry and Hadley Wickham and Winston Chang},
  year = {2019},
  note = {R package version 0.3.3},
  url = {https://CRAN.R-project.org/package=ggstance},
}
@Book{R-lattice,
  title = {Lattice: Multivariate Data Visualization with R},
  author = {Deepayan Sarkar},
  publisher = {Springer},
  address = {New York},
  year = {2008},
  note = {ISBN 978-0-387-75968-5},
  url = {http://lmdvr.r-forge.r-project.org},
}
@Book{R-MASS,
  title = {Modern Applied Statistics with S},
  author = {W. N. Venables and B. D. Ripley},
  publisher = {Springer},
  edition = {Fourth},
  address = {New York},
  year = {2002},
  note = {ISBN 0-387-95457-0},
  url = {http://www.stats.ox.ac.uk/pub/MASS4},
}
@Manual{R-Matrix,
  title = {Matrix: Sparse and Dense Matrix Classes and Methods},
  author = {Douglas Bates and Martin Maechler},
  year = {2019},
  note = {R package version 1.2-17},
  url = {https://CRAN.R-project.org/package=Matrix},
}
@Article{R-mosaic,
  author = {Randall Pruim and Daniel T Kaplan and Nicholas J Horton},
  title = {The mosaic Package: Helping Students to 'Think with Data' Using R},
  journal = {The R Journal},
  volume = {9},
  number = {1},
  pages = {77--102},
  year = {2017},
  url = {https://journal.r-project.org/archive/2017/RJ-2017-024/index.html},
}
@Manual{R-mosaicData,
  title = {mosaicData: Project MOSAIC Data Sets},
  author = {Randall Pruim and Daniel Kaplan and Nicholas Horton},
  year = {2018},
  note = {R package version 0.17.0},
  url = {https://CRAN.R-project.org/package=mosaicData},
}
@Manual{R-nlme,
  title = {{nlme}: Linear and Nonlinear Mixed Effects Models},
  author = {Jose Pinheiro and Douglas Bates and Saikat DebRoy and Deepayan Sarkar and {R Core Team}},
  year = {2019},
  note = {R package version 3.1-140},
  url = {https://CRAN.R-project.org/package=nlme},
}
@Manual{R-psysds364data,
  title = {psysds364data: What the Package Does (one line, title case)},
  author = {Randi Garcia},
  year = {2019},
  note = {R package version 0.0.0.9000},
}
@Manual{R-purrr,
  title = {purrr: Functional Programming Tools},
  author = {Lionel Henry and Hadley Wickham},
  year = {2019},
  note = {R package version 0.3.3},
  url = {https://CRAN.R-project.org/package=purrr},
}
@Manual{R-readr,
  title = {readr: Read Rectangular Text Data},
  author = {Hadley Wickham and Jim Hester and Romain Francois},
  year = {2018},
  note = {R package version 1.3.1},
  url = {https://CRAN.R-project.org/package=readr},
}
@Manual{R-stringr,
  title = {stringr: Simple, Consistent Wrappers for Common String Operations},
  author = {Hadley Wickham},
  year = {2019},
  note = {R package version 1.4.0},
  url = {https://CRAN.R-project.org/package=stringr},
}
@Manual{R-tibble,
  title = {tibble: Simple Data Frames},
  author = {Kirill Müller and Hadley Wickham},
  year = {2019},
  note = {R package version 2.1.3},
  url = {https://CRAN.R-project.org/package=tibble},
}
@Manual{R-tidyr,
  title = {tidyr: Tidy Messy Data},
  author = {Hadley Wickham and Lionel Henry},
  year = {2019},
  note = {R package version 1.0.0},
  url = {https://CRAN.R-project.org/package=tidyr},
}
@Manual{R-tidyverse,
  title = {tidyverse: Easily Install and Load the 'Tidyverse'},
  author = {Hadley Wickham},
  year = {2017},
  note = {R package version 1.2.1},
  url = {https://CRAN.R-project.org/package=tidyverse},
}

@book{apim,
  title={Dyadic data analysis},
  author={Kenny, David A and Kashy, Deborah A and Cook, William L},
  year={2006},
  publisher={Guilford press}
}

